[gd_scene load_steps=22 format=2]

[ext_resource path="res://scripts/Player1.gd" type="Script" id=1]
[ext_resource path="res://images/Old hero.png" type="Texture" id=2]

[sub_resource type="AtlasTexture" id=1]
flags = 4
atlas = ExtResource( 2 )
region = Rect2( 16, 16, 16, 16 )

[sub_resource type="AtlasTexture" id=2]
flags = 4
atlas = ExtResource( 2 )
region = Rect2( 32, 16, 16, 16 )

[sub_resource type="AtlasTexture" id=3]
flags = 4
atlas = ExtResource( 2 )
region = Rect2( 48, 16, 16, 16 )

[sub_resource type="AtlasTexture" id=4]
flags = 4
atlas = ExtResource( 2 )
region = Rect2( 64, 16, 16, 16 )

[sub_resource type="AtlasTexture" id=6]
flags = 4
atlas = ExtResource( 2 )
region = Rect2( 16, 32, 16, 16 )

[sub_resource type="AtlasTexture" id=7]
flags = 4
atlas = ExtResource( 2 )
region = Rect2( 32, 32, 16, 16 )

[sub_resource type="AtlasTexture" id=8]
flags = 4
atlas = ExtResource( 2 )
region = Rect2( 48, 32, 16, 16 )

[sub_resource type="AtlasTexture" id=9]
flags = 4
atlas = ExtResource( 2 )
region = Rect2( 64, 32, 16, 16 )

[sub_resource type="AtlasTexture" id=10]
flags = 4
atlas = ExtResource( 2 )
region = Rect2( 16, 64, 16, 16 )

[sub_resource type="AtlasTexture" id=11]
flags = 4
atlas = ExtResource( 2 )
region = Rect2( 32, 64, 16, 16 )

[sub_resource type="AtlasTexture" id=12]
flags = 4
atlas = ExtResource( 2 )
region = Rect2( 48, 64, 16, 16 )

[sub_resource type="AtlasTexture" id=13]
flags = 4
atlas = ExtResource( 2 )
region = Rect2( 96, 64, 16, 16 )

[sub_resource type="AtlasTexture" id=14]
flags = 4
atlas = ExtResource( 2 )
region = Rect2( 16, 80, 16, 16 )

[sub_resource type="AtlasTexture" id=15]
flags = 4
atlas = ExtResource( 2 )
region = Rect2( 32, 80, 16, 16 )

[sub_resource type="AtlasTexture" id=16]
flags = 4
atlas = ExtResource( 2 )
region = Rect2( 16, 80, 16, 16 )

[sub_resource type="AtlasTexture" id=17]
flags = 4
atlas = ExtResource( 2 )
region = Rect2( 48, 80, 16, 16 )

[sub_resource type="AtlasTexture" id=18]
flags = 4
atlas = ExtResource( 2 )
region = Rect2( 80, 16, 16, 16 )

[sub_resource type="SpriteFrames" id=5]
animations = [ {
"frames": [ SubResource( 1 ), SubResource( 2 ), SubResource( 3 ), SubResource( 4 ) ],
"loop": true,
"name": "default",
"speed": 5.0
}, {
"frames": [ SubResource( 6 ), SubResource( 7 ), SubResource( 8 ), SubResource( 9 ) ],
"loop": true,
"name": "running",
"speed": 8.0
}, {
"frames": [ SubResource( 10 ), SubResource( 11 ), SubResource( 12 ), SubResource( 13 ) ],
"loop": false,
"name": "sliding",
"speed": 5.0
}, {
"frames": [ SubResource( 14 ), SubResource( 15 ), SubResource( 16 ), SubResource( 17 ) ],
"loop": false,
"name": "punching",
"speed": 10.0
}, {
"frames": [ SubResource( 18 ) ],
"loop": false,
"name": "excited",
"speed": 5.0
} ]

[sub_resource type="OccluderPolygon2D" id=29]
polygon = PoolVector2Array( -4.33334, 2.66667, 5.33333, 2.66667, 5.66666, 1.33333, 4.66666, 0, 0.666664, -1, -3, 0, -4.33334, 1 )

[node name="Player1" type="KinematicBody2D"]
position = Vector2( 170, 148 )
scale = Vector2( 1.5, 1.5 )
script = ExtResource( 1 )

[node name="AnimatedSprite" type="AnimatedSprite" parent="."]
scale = Vector2( 2, 2 )
frames = SubResource( 5 )
frame = 1
playing = true
offset = Vector2( 0, -8 )

[node name="LightOccluder2D" type="LightOccluder2D" parent="AnimatedSprite"]
position = Vector2( -0.333332, -2.66667 )
occluder = SubResource( 29 )
